<?xml version="1.0" encoding="UTF-8"?><collection xmlns="http://www.loc.gov/MARC21/slim"><record><leader>00647nam--2200205-i-4500</leader><controlfield tag="001">000009753</controlfield><controlfield tag="002">20161230</controlfield><controlfield tag="005">20161230201028</controlfield><controlfield tag="008">060222s1000------------r-----000-0-eng-d</controlfield><datafield ind1=" " ind2=" " tag="020"><subfield code="a">0720442508</subfield></datafield><datafield ind1=" " ind2=" " tag="040"><subfield code="a">IFIN-HH</subfield></datafield><datafield ind1=" " ind2=" " tag="080"><subfield code="a">537.533.35</subfield></datafield><datafield ind1="1" ind2=" " tag="100"><subfield code="a">Lewis, P.R</subfield></datafield><datafield ind1="1" ind2="0" tag="245"><subfield code="a">Practical methods in electron microscopy</subfield><subfield code="b">Volume 5 part i staining methods for sectioned material</subfield><subfield code="c">P.r. lewis, d.p. knight</subfield></datafield><datafield ind1=" " ind2=" " tag="260"><subfield code="a">Amsterdam</subfield><subfield code="b">North-holland Publishing Company</subfield><subfield code="c">1977</subfield></datafield><datafield ind1=" " ind2=" " tag="300"><subfield code="a">311P</subfield></datafield><datafield ind1=" " ind2=" " tag="490"><subfield code="a">Practical Methods In Electron Microscopy</subfield><subfield code="v">Volume 5</subfield></datafield><datafield ind1="1" ind2=" " tag="700"><subfield code="a">Knight, D.P</subfield></datafield><datafield ind1=" " ind2=" " tag="852"><subfield code="a">40937</subfield><subfield code="c">537.533.35</subfield></datafield><datafield ind1=" " ind2=" " tag="CAT"><subfield code="a">Sys</subfield><subfield code="c">20110912</subfield><subfield code="h">132744</subfield></datafield></record></collection>